<collection xmlns="http://www.loc.gov/MARC21/slim">
<record>
  <leader>01088nam0a2200229 i 450 </leader>
  <controlfield tag="001">IT\ICCU\CNCE\007189</controlfield>
  <controlfield tag="005">20140114000000.0</controlfield>
  <datafield tag="012" ind1=" " ind2=" ">
    <subfield code="a">r*n- ,&amp;i- m.o- BaAs (3) 1591 (R)</subfield>
    <subfield code="2">fei</subfield>
  </datafield>
  <datafield tag="100" ind1=" " ind2=" ">
    <subfield code="a">19970101d1591        0itac0103    ba</subfield>
  </datafield>
  <datafield tag="101" ind1=" " ind2=" ">
    <subfield code="a">LAT</subfield>
  </datafield>
  <datafield tag="102" ind1=" " ind2=" ">
    <subfield code="a">IT</subfield>
  </datafield>
  <datafield tag="200" ind1="1" ind2=" ">
    <subfield code="a">Constitutiones synodales sanctae Ecclesiae Bosanensis. Editae, et promulgatae in synodo dioecesana, quam illustrissimus, &amp; reuerendissimus dominus don Ioan. Franciscus Fara Dei &amp; apostolicae sedis gratia, episcopus Bosanensis habuit. MDLXXXXI ...</subfield>
  </datafield>
  <datafield tag="210" ind1=" " ind2=" ">
    <subfield code="a">Calari</subfield>
    <subfield code="c">apud Ioannem Mariam de Galcerino</subfield>
    <subfield code="d">1591</subfield>
  </datafield>
  <datafield tag="215" ind1=" " ind2=" ">
    <subfield code="a">105, \3! p.</subfield>
    <subfield code="d">8ʻ</subfield>
  </datafield>
  <datafield tag="620" ind1=" " ind2=" ">
    <subfield code="a">IT</subfield>
    <subfield code="d">Cagliari</subfield>
  </datafield>
  <datafield tag="710" ind1="0" ind2="2">
    <subfield code="a">Bosa</subfield>
    <subfield code="c"> &lt;Diocesi&gt;</subfield>
    <subfield code="3">1927</subfield>
  </datafield>
  <datafield tag="712" ind1="0" ind2="0">
    <subfield code="a">Galcerino, Giovanni Maria</subfield>
    <subfield code="3">IT\ICCU\CNCT\000702</subfield>
    <subfield code="4">650</subfield>
  </datafield>
  <datafield tag="791" ind1="0" ind2="0">
    <subfield code="a">Galcerin, Ioannes Maria</subfield>
    <subfield code="3">IT\ICCU\CNCT\004817</subfield>
    <subfield code="z">Galcerino, Giovanni Maria</subfield>
  </datafield>
  <datafield tag="791" ind1="0" ind2="0">
    <subfield code="a">Galcerinu, Ioanne Maria</subfield>
    <subfield code="3">IT\ICCU\CNCT\004818</subfield>
    <subfield code="z">Galcerino, Giovanni Maria</subfield>
  </datafield>
  <datafield tag="801" ind1=" " ind2="3">
    <subfield code="a">IT</subfield>
    <subfield code="b">ICCU</subfield>
    <subfield code="c">20201113</subfield>
  </datafield>
  <datafield tag="899" ind1=" " ind2=" ">
    <subfield code="a">Biblioteca universitaria. Cagliari</subfield>
    <subfield code="1">CA0194</subfield>
    <subfield code="2">CAG UC</subfield>
  </datafield>
  <datafield tag="899" ind1=" " ind2=" ">
    <subfield code="a">Biblioteca Apostolica Vaticana. Citt ̉del Vaticano</subfield>
    <subfield code="1">EX0001</subfield>
    <subfield code="2">ZCV 01</subfield>
  </datafield>
</record>
</collection>
